@article{quasi,
  author    = {Miklos Santha and Umesh V. Vazirani},
  title     = {Generating quasi-random sequences from slightly-random sources},
  journal   = {Proceedings of the 25th IEEE Symposium on Foundations of Computer Science},
  pages     = {434--440},
  year      = {1984},
  url       = {https://people.eecs.berkeley.edu/~vazirani/pubs/quasi.pdf},
}

@proceedings{HD,
  editor    = {T.E. Hull and A.R. Dobell},
  title     = {Random Number Generators},
  series    = {Siam Review},
  volume    = {4},
  publisher = {Society for Industrial and Applied Mathematics},
  year      = {1962},
  url       = {http://chagall.med.cornell.edu/BioinfoCourse/PDFs/Lecture4/random_number_generator.pdf},
  timestamp = {Wed, 7 Dec 2016},
}

@article{Marsaglia,
  author    = {George Marsaglia},
  title     = {Random Numbers Fall Mainly in the Planes},
  journal   = {Mathematics},
  volume    = {61},
  pages     = {25--28},
  
  year      = {1968},
  timestamp = {Wed, 7 Dec 2016},
  url       = {http://www.ics.uci.edu/~fowlkes/class/cs177/marsaglia.pdf},
}

@misc{Mersenne,
  author = {Wolfram Alpha, Ed Pegg Jr.},
  title = {"Mersenne Twister and Friends" from the Wolfram Demonstrations Project},
  year = 2016,
  url = { http://demonstrations.wolfram.com/MersenneTwisterAndFriends/},
  urldate = {2016-12-14}
}

@misc{hackMIT,
  author = {Jack Serrino},
  title = {The HackMIT 2016 Puzzle--Part Deux
},
  year = 2016,
  url = {https://medium.com/hackmit-stories/the-hackmit-2016-puzzle-part-deux-fef12908b713#.v4boaufrd},
  urldate = {2016-12-14}
}

@misc{Mers,
  author = {Archana Jagannatam},
  title = {Mersenne Twister - A Pseudo Random Number Generator and its Variants},
  year = 2000,
  url = {https://pdfs.semanticscholar.org/285a/65e11dbb6183a963489bc30b28ab04c6d7cf.pdf},
  urldate = {2016-12-14}
}

@misc{Well,
  author = {Christopher Dutang and Diethelm Wuertz},
  title = {A note on random number generation},
  year = 2009,
  url = {https://cran.r-project.org/web/packages/randtoolbox/vignettes/fullpres.pdf},
  urldate = {2016-12-14}
  }
@article{BBS,
  author    = {L. Blum and M. Blum and M. Shub},
  title     = {A simple unpredictable Pseudo-Random number Generator},
  journal   = {SIAM},
  volume    = {15(2)},
  pages     = {364--383},
  
  year      = {2006},
  doi       = {10.1137/0215025},
  timestamp = {Fri, 9 Dec 2016},
  url       = {http://www.ics.uci.edu/~fowlkes/class/cs177/marsaglia.pdf}
  }
@misc{Yarrow,
  author = {Bruce Schneier},
  title = {Yarrow},
  year = 1999,
  url = {https://www.schneier.com/academic/yarrow},
  urldate = {2016-12-14}
  }
@misc{Fortuna,
  author = {Bruce Schneier},
  title = {Fortuna},
  year = 2014,
  url = {https://www.schneier.com/academic/fortuna},
  urldate = {2016-12-14}
  }

@misc{patent,
  author = {Gregory Gordon Rose and Alexander Gantman and Lu Xiao},
  title = {Cryptographically Secure Pseudo Random Number Generator},
  year = 2006,
  url = {https://www.google.com/patents/US8019802},
  urldate = {2016-12-15}
  }
